@inproceedings{CPS99,
author = {Cai, Jin-Yi and Pavan, A. and Sivakumar, D.},
title = {On the Hardness of Permanent},
year = {1999},
isbn = {354065691X},
publisher = {Springer-Verlag},
address = {Berlin, Heidelberg},
booktitle = {Proceedings of the 16th Annual Conference on Theoretical Aspects of Computer Science},
pages = {90–99},
numpages = {10},
location = {Trier, Germany},
series = {STACS’99}
}

@article{GW95,
author = {Goemans, Michel X. and Williamson, David P.},
title = {Improved Approximation Algorithms for Maximum Cut and Satisfiability Problems Using Semidefinite Programming},
year = {1995},
issue_date = {November 1995},
publisher = {Association for Computing Machinery},
address = {New York, NY, USA},
volume = {42},
number = {6},
journal = {J. ACM},
month = nov,
pages = {1115–1145},
numpages = {31},
}

@article{For66,  
author={G. {Forney}},  journal={IEEE Transactions on Information Theory},  title={Generalized minimum distance decoding},   year={1966},  volume={12},  number={2},  pages={125-131},
}

@article{GS92,
author = {Gemmell, Peter and Sudan, Madhu},
title = {Highly Resilient Correctors for Polynomials},
year = {1992},
volume = {43},
number = {4},
journal = {Inf. Process. Lett.},
month = {9},
pages = {169–174},
numpages = {6}
}

@ARTICLE{Mur03,
    author = {M. Ram Murty},
    title = {Ramanujan graphs},
    journal = {J. Ramanujan Math. Soc},
    volume = {18},
    year = {2003}
}

@article{LRS88,
  title={Ramanujan graphs},
  author={Alexander Lubotzky and R. Phillips and Peter Sarnak},
  journal={Combinatorica},
  year={1988},
  volume={8},
  pages={261-277}
}

@article{Sav73,
title = "Relationships between nondeterministic and deterministic tape complexities",
journal = "Journal of Computer and System Sciences",
volume = "4",
number = "2",
pages = "177 - 192",
year = "1970",
author = "Walter J. Savitch"
}

@inproceedings{NN90,
author = {Naor, J. and Naor, M.},
title = {Small-Bias Probability Spaces: Efficient Constructions and Applications},
year = {1990},
isbn = {0897913612},
publisher = {Association for Computing Machinery},
address = {New York, NY, USA},
url = {https://doi.org/10.1145/100216.100244},
doi = {10.1145/100216.100244},
booktitle = {Proceedings of the Twenty-Second Annual ACM Symposium on Theory of Computing},
pages = {213–223},
numpages = {11},
location = {Baltimore, Maryland, USA},
series = {STOC ’90}
}
@article{AGHP92,
author = {Alon, Noga and Goldreich, Oded and Hastad, Johan and Peralta, Rene},
title = {Simple Constructions of Almost k-wise Independent Random Variables},
journal = {Random Structures \& Algorithms},
volume = {3},
number = {3},
pages = {289-304},
year = {1992}
}

@inproceedings{Tas17,
author = {Ta-Shma, Amnon},
title = {Explicit, Almost Optimal, Epsilon-Balanced Codes},
year = {2017},
isbn = {9781450345286},
publisher = {Association for Computing Machinery},
address = {New York, NY, USA},
url = {https://doi.org/10.1145/3055399.3055408},
doi = {10.1145/3055399.3055408},
booktitle = {Proceedings of the 49th Annual ACM SIGACT Symposium on Theory of Computing},
pages = {238–251},
numpages = {14},
keywords = {Zig-Zag product, Wide replacement product, Eps-bias},
location = {Montreal, Canada},
series = {STOC 2017}
}


@INPROCEEDINGS{BT09,
author={A. {Ben-Aroya} and A. {Ta-Shma}},
booktitle={2009 50th Annual IEEE Symposium on Foundations of Computer Science},
title={Constructing Small-Bias Sets from Algebraic-Geometric Codes},
year={2009},
volume={},
number={},
pages={191-197},
keywords={algebraic geometric codes;error correction codes;algebraic geometric codes;small bias sets;Gilbert-Varshamov bound;binary error correcting codes;Computer science;Error correction codes;Graph theory;Contracts;Binary codes;Random variables;Error correction;Galois fields;small-bias sets;algebraic-geometric codes},
doi={10.1109/FOCS.2009.44},
ISSN={0272-5428},
month={Oct},}

@article{NN93,
author = {Naor, Joseph (Seffi) and Naor, Moni},
title = {Small-Bias Probability Spaces: Efficient Constructions and Applications},
year = {1993},
issue_date = {August 1993},
publisher = {Society for Industrial and Applied Mathematics},
address = {USA},
volume = {22},
number = {4},
issn = {0097-5397},
url = {https://doi.org/10.1137/0222053},
doi = {10.1137/0222053},
journal = {SIAM J. Comput.},
month = aug,
pages = {838–856},
numpages = {19},
keywords = {derandomization, VLSI circuit testing, randomized algorithms, discrepancy}
}


@article{Kho07,
author = {Khot, Subhash and Kindler, Guy and Mossel, Elchanan and O’Donnell, Ryan},
title = {Optimal Inapproximability Results for MAX-CUT and Other 2-Variable CSPs?},
year = {2007},
issue_date = {April 2007},
publisher = {Society for Industrial and Applied Mathematics},
address = {USA},
volume = {37},
number = {1},
journal = {SIAM J. Comput.},
month = apr,
pages = {319–357},
numpages = {39},
}

@inproceedings{Kho10,
author = {Khot, Subhash},
year = {2010},
month = {06},
pages = {99-121},
title = {On the Unique Games Conjecture (Invited Survey)},
journal = {Proceedings of the Annual IEEE Conference on Computational Complexity},
doi = {10.1109/CCC.2010.19}
}

@article{Rei04,
  author    = {Omer Reingold},
  title     = {Undirected connectivity in log-space},
  journal   = {J. {ACM}},
  volume    = {55},
  number    = {4},
  pages     = {17:1--17:24},
  year      = {2008},
  url       = {https://doi.org/10.1145/1391289.1391291},
  doi       = {10.1145/1391289.1391291},
  timestamp = {Wed, 14 Nov 2018 10:35:24 +0100},
  biburl    = {https://dblp.org/rec/journals/jacm/Reingold08.bib},
  bibsource = {dblp computer science bibliography, https://dblp.org}
}
@book{textbook,
author = {Eyal Kushilevitz and Noam Nisan},
title = {Communication complexity},
year = {2006},
edition = {2nd},
publisher = {Cambridge University Press},
}

@book{MoRa,
author = {Rajeev Motwani and Prabhakar Raghavan},
title = {Randomized Algorithms},
year = {1995},
edition = {1st},
publisher = {Cambridge University Press},
}

@article{BL06,
author = {Bilu, Yonatan and Linial, Nathan},
title = {Lifts, Discrepancy and Nearly Optimal Spectral Gap},
year = {2006},
volume = {26},
number = {5},
issn = {0209-9683},
journal = {Combinatorica},
month = oct,
pages = {495–519},
numpages = {25},
}

@article{FW95,
  title={On the second eigenvalue of hypergraphs},
  author={Joel Friedman and Avi Wigderson},
  journal={Combinatorica},
  year={1995},
  volume={15},
  pages={43-65}
}


@Article{Sch64,
author="Schmidt, W. M.",
title="{Ein kombinatorisches Problem von P. Erdos und A. Hajnal}",
journal="Acta Mathematica Academiae Scientiarum Hungarica",
year="1964",
month="Sep",
day="01",
volume="15",
number="3",
pages="373--374",
issn="1588-2632",
}

@article{Erd63,
 ISSN = {00291412},
 author = {P. Erdos},
 journal = {Nordisk Matematisk Tidskrift},
 number = {1},
 pages = {5--10},
 publisher = {Mathematica Scandinavica},
 title = {{On a Combinatorial Problem}},
 volume = {11},
 year = {1963}
}

@article{Bec78,
title = "On 3-chromatic hypergraphs",
journal = "Discrete Mathematics",
volume = "24",
number = "2",
pages = "127 - 137",
year = "1978",
author = "J. Beck",
}

@article{RS00,
author = {Radhakrishnan, Jaikumar and Srinivasan, Aravind},
title = {Improved bounds and algorithms for hypergraph 2-coloring},
journal = {Random Structures \& Algorithms},
volume = {16},
number = {1},
pages = {4-32},
year = {2000}
}

@incollection{ACNS82,
title = "{Crossing-Free Subgraphs}",
editor = "Peter L. Hammer and Alexander Rosa and Gert Sabidussi and Jean Turgeon",
series = "North-Holland Mathematics Studies",
publisher = "North-Holland",
volume = "60",
pages = "9 - 12",
year = "1982",
booktitle = "Theory and Practice of Combinatorics",
author = "M. Ajtai and V. Chvátal and M.M. Newborn and E. Szemerédi",
}

@article {Mar73,
    AUTHOR = {Margulis, G. A.},
     TITLE = {Explicit constructions of expanders},
   JOURNAL = {Problemy Pereda\v{c}i Informacii},
  FJOURNAL = {Akademiya Nauk SSSR. Institut Problem Peredachi Informatsii
              Akademii Nauk SSSR. Problemy Peredachi Informatsii},
    VOLUME = {9},
      YEAR = {1973},
    NUMBER = {4},
     PAGES = {71--80},
 }
 
 @article {GG81,
    AUTHOR = {Gabber, Ofer and Galil, Zvi},
     TITLE = {Explicit constructions of linear-sized superconcentrators},
      NOTE = {Special issued dedicated to Michael Machtey},
   JOURNAL = {J. Comput. System Sci.},
  FJOURNAL = {Journal of Computer and System Sciences},
    VOLUME = {22},
      YEAR = {1981},
    NUMBER = {3},
     PAGES = {407--420},
}
		